@Misc{coursera,
    title="Coursera.org",
    howpublished="\url{http://class.coursera.org/ml}"
}
@Misc{stanford,
    title="Stanford CS229",
    howpublished="\url{http://cs229.stanford.edu/materials.html}"
}
@article{bishop1995neural,
  title={Neural networks for pattern recognition},
  author={Bishop, C.M. and others},
  year={1995},
  publisher={Clarendon press Oxford}
}
@article{mitchell1997machine,
  title={Machine Learning (Mcgraw-Hill International Edit)},
  author={Mitchell, T.},
  year={1997},
  publisher={McGraw Hill Higher Education}
}