@article{samuel59some,
  added-at = {2012-06-05T12:08:37.000+0200},
  author = {Samuel, Arthur},
  biburl = {http://www.bibsonomy.org/bibtex/20bab2b83282b35947db6723d9849792e/tasmith9876},
  citeulike-article-id = {2380549},
  interhash = {a02c1e54108fc9dafe0da379df83ed79},
  intrahash = {0bab2b83282b35947db6723d9849792e},
  journal = {IBM Journal},
  keywords = {CHECKERS LEARNING MACHINE STUDIES},
  number = 3,
  pages = {210--229},
  priority = {2},
  timestamp = {2012-06-05T12:08:37.000+0200},
  title = {Some Studies in Machine Learning Using the Game of Checkers},
  volume = 3,
  year = 1959
}

@article{winslow1996programming,
  title={Programming Pedagogy-A Psychological Overview},
  author={Winslow, L.E.},
  journal={ACM SIGCSE Bulletin},
  volume={28},
  number={3},
  pages={17--22},
  year={1996},
  publisher={ACM New York, NY, USA}
}
@article{douce2005automatic,
  title={Automatic test-based assessment of programming: A review},
  author={Douce, C. and Livingstone, D. and Orwell, J.},
  journal={Journal on Educational Resources in Computing (JERIC)},
  volume={5},
  number={3},
  pages={4},
  year={2005},
  publisher={ACM}
}
@article{joy2005boss,
  title={The boss online submission and assessment system},
  author={Joy, M. and Griffiths, N. and Boyatt, R.},
  journal={Journal on Educational Resources in Computing (JERIC)},
  volume={5},
  number={3},
  pages={2},
  year={2005},
  publisher={ACM}
}
@inproceedings{saikkonen2001fully,
  title={Fully automatic assessment of programming exercises},
  author={Saikkonen, R. and Malmi, L. and Korhonen, A.},
  booktitle={ACM SIGCSE Bulletin},
  volume={33},
  number={3},
  pages={133--136},
  year={2001},
  organization={ACM}
}
@article{higgins2003coursemarker,
  title={The coursemarker cba system: Improvements over ceilidh},
  author={Higgins, C. and Hegazy, T. and Symeonidis, P. and Tsintsifas, A.},
  journal={Education and Information Technologies},
  volume={8},
  number={3},
  pages={287--304},
  year={2003},
  publisher={Springer}
}
@article{daly2004automated,
  title={An automated learning system for Java programming},
  author={Daly, C. and Horgan, J.M.},
  journal={Education, IEEE Transactions on},
  volume={47},
  number={1},
  pages={10--17},
  year={2004},
  publisher={IEEE}
}
@inproceedings{vihavainen2011extreme,
  title={Extreme apprenticeship method in teaching programming for beginners},
  author={Vihavainen, A. and Paksula, M. and Luukkainen, M.},
  booktitle={Proceedings of the 42nd ACM technical symposium on Computer science education},
  pages={93--98},
  year={2011},
  organization={ACM}
}
@inproceedings{jenkins2001teaching,
  title={Teaching programming--A journey from teacher to motivator},
  author={Jenkins, T.},
  year={2001}
}
@article{aiken2005moss,
  title={Moss: A system for detecting software plagiarism},
  author={Aiken, A. and others},
  journal={University of California--Berkeley. See www. cs. berkeley. edu/aiken/moss. html},
  year={2005}
}
@inproceedings{baker1995finding,
  title={On finding duplication and near-duplication in large software systems},
  author={Baker, B.S.},
  booktitle={Reverse Engineering, 1995., Proceedings of 2nd Working Conference on},
  pages={86--95},
  year={1995},
  organization={IEEE}
}
@article{clough2000plagiarism,
  title={Plagiarism in natural and programming languages: an overview of current tools and technologies},
  author={Clough, P.}
}
@inproceedings{bowyer1999experience,
  title={Experience using “MOSS” to detect cheating on programming assignments},
  author={Bowyer, K.W. and Hall, L.O.},
  booktitle={Frontiers in Education Conference, 1999. FIE'99. 29th Annual},
  volume={3},
  pages={13B3--18},
  year={1999},
  organization={IEEE}
}