@article{delev2012lab,
  title={E-Lab: Web Based System for Automatic Assessment of Programming Problems},
  author={Delev, Tomche and Gjorgjevikj, Dejan},
  year={2012}
}
@article{hollingsworth1960automatic,
  title={Automatic graders for programming classes},
  author={Hollingsworth, Jack},
  journal={Communications of the ACM},
  volume={3},
  number={10},
  pages={528--529},
  year={1960},
  publisher={ACM}
}

@article{ala2005survey,
  title={A survey of automated assessment approaches for programming assignments},
  author={Ala-Mutka, Kirsti M},
  journal={Computer Science Education},
  volume={15},
  number={2},
  pages={83--102},
  year={2005},
  publisher={Taylor \& Francis}
}

@article{vujovsevic2013software,
  title={Software verification and graph similarity for automated evaluation of students’ assignments},
  author={Vujo{\v{s}}evi{\'c}-Jani{\v{c}}i{\'c}, Milena and Nikoli{\'c}, Mladen and To{\v{s}}i{\'c}, Du{\v{s}}an and Kuncak, Viktor},
  journal={Information and Software Technology},
  volume={55},
  number={6},
  pages={1004--1016},
  year={2013},
  publisher={Elsevier}
}

@article{shamsi2012intelligent,
  title={An Intelligent Assessment Tool for Students' Java Submissions in Introductory Programming Courses.},
  author={Shamsi, Fatima Al and Elnagar, Ashraf},
  journal={Journal of Intelligent Learning Systems \& Applications},
  volume={4},
  number={1},
  year={2012}
}

@phdthesis{hartz2012cat,
  title={CAT-SOOP: A tool for automatic collection and assessment of homework exercises},
  author={Hartz, Adam John},
  year={2012},
  school={Massachusetts Institute of Technology}
}

@inproceedings{ihantola2010review,
  title={Review of recent systems for automatic assessment of programming assignments},
  author={Ihantola, Petri and Ahoniemi, Tuukka and Karavirta, Ville and Sepp{\"a}l{\"a}, Otto},
  booktitle={Proceedings of the 10th Koli Calling International Conference on Computing Education Research},
  pages={86--93},
  year={2010},
  organization={ACM}
}

@inproceedings{yoo2011wescheme,
  title={WeScheme: the browser is your programming environment},
  author={Yoo, Danny and Schanzer, Emmanuel and Krishnamurthi, Shriram and Fisler, Kathi},
  booktitle={Proceedings of the 16th annual joint conference on Innovation and technology in computer science education},
  pages={163--167},
  year={2011},
  organization={ACM}
}

@inproceedings{lahtinen2005study,
  title={A study of the difficulties of novice programmers},
  author={Lahtinen, Essi and Ala-Mutka, Kirsti and J{\"a}rvinen, Hannu-Matti},
  booktitle={ACM SIGCSE Bulletin},
  volume={37},
  number={3},
  pages={14--18},
  year={2005},
  organization={ACM}
}

@inproceedings{bryce2010one,
  title={A one year empirical study of student programming bugs},
  author={Bryce, Ren{\'e}e C and Cooley, Alison and Hansen, Amy and Hayrapetyan, Nare},
  booktitle={Frontiers in Education Conference (FIE), 2010 IEEE},
  pages={F1G--1},
  year={2010},
  organization={IEEE}
}

@inproceedings{denny2012all,
  title={All syntax errors are not equal},
  author={Denny, Paul and Luxton-Reilly, Andrew and Tempero, Ewan},
  booktitle={Proceedings of the 17th ACM annual conference on Innovation and technology in computer science education},
  pages={75--80},
  year={2012},
  organization={ACM}
}

@inproceedings{ahmadzadeh2005analysis,
  title={An analysis of patterns of debugging among novice computer science students},
  author={Ahmadzadeh, Marzieh and Elliman, Dave and Higgins, Colin},
  booktitle={ACM SIGCSE Bulletin},
  volume={37},
  number={3},
  pages={84--88},
  year={2005},
  organization={ACM}
}

@inproceedings{helminen2012students,
  title={How do students solve parsons programming problems?: an analysis of interaction traces},
  author={Helminen, Juha and Ihantola, Petri and Karavirta, Ville and Malmi, Lauri},
  booktitle={Proceedings of the ninth annual international conference on International computing education research},
  pages={119--126},
  year={2012},
  organization={ACM}
}

@inproceedings{parsons2006parson,
  title={Parson's programming puzzles: a fun and effective learning tool for first programming courses},
  author={Parsons, Dale and Haden, Patricia},
  booktitle={Proceedings of the 8th Australasian Conference on Computing Education-Volume 52},
  pages={157--163},
  year={2006},
  organization={Australian Computer Society, Inc.}
}

@article{tsang2005survey,
  title={„A survey on awareness and attitudes towards plagiarism among computer science freshmen”},
  author={Tsang, Ooi W and Choy, Tan Tuck},
  journal={Learning Issues},
  volume={9},
  pages={3},
  year={2005}
}

@article{jocoy2006plagiarism,
  title={Plagiarism by Adult Learners Online: A case study in detection and remediation.},
  author={Jocoy, Christine and DiBiase, David},
  journal={International Review of Research in Open \& Distance Learning},
  volume={7},
  number={1},
  year={2006}
}

@article{aiken1994measure,
  title={Measure of software similarity},
  author={Aiken, Alex},
  journal={URL http://www. cs. berkeley. edu/-aiken/moss. html},
  year={1994}
}