@book{ting2010mining,
  title={Mining and Analyzing Social Networks},
  author={Ting, I-Hsien and Wu, Hui-Ju and Ho, Tien-Hwa and others},
  year={2010},
  publisher={Springer}
}

@misc{OnlineMarketMacedonia,
  title = {Online Market in Macedonia - Habits and demand},
  howpublished = {\url{http://static.httpool.com.mk/Soopshtenie/Newsletter2010.pdf}},
  note = {Accessed: 2013-08-10}
}

@misc{ipsosInMacedonia,
  title = {Ipsos in Macedonia (2013)},
  howpublished = "\url{www.ipsos.com/Country\_Profile\_Macedonia}",
  note = {Accessed: 2013-09-02}
}

@misc{httpPool,
  title = {Http Pool Macedonia (2012)},
  howpublished = {\url{www.httpool.com.mk}},
  note = {Accessed: 2013-09-02}
}

@misc{universalMedia,
  title = {Universal Media Macedonia (2012)},
  howpublished = {\url{www.universalmedia.com.mk}},
  note = {Accessed: 2013-09-02}
}

@misc{wave6,
  title = {Wave 6 â€“ The Business of Social},
  howpublished = {\url{www.universalmedia.com.mk/wave6.html}},
  note = {Accessed: 2013-09-20}
}

@article{chen2009usability,
  title={Usability Analysis on online Social Networks for the elderly},
  author={Chen, Yu},
  journal={Helsinki University of Thechnology},
  year={2009}
}

@article{ellison2007social,
  title={Social network sites: Definition, history, and scholarship},
  author={Ellison, Nicole B and others},
  journal={Journal of Computer-Mediated Communication},
  volume={13},
  number={1},
  pages={210--230},
  year={2007},
  publisher={Wiley Online Library}
}
@inproceedings{benevenuto2009characterizing,
  title={Characterizing user behavior in online social networks},
  author={Benevenuto, Fabr{\'\i}cio and Rodrigues, Tiago and Cha, Meeyoung and Almeida, Virg{\'\i}lio},
  booktitle={Proceedings of the 9th ACM SIGCOMM conference on Internet measurement conference},
  pages={49--62},
  year={2009},
  organization={ACM}
}

@article{lin2011people,
  title={Why people use social networking sites: An empirical study integrating network externalities and motivation theory},
  author={Lin, Kuan-Yu and Lu, Hsi-Peng},
  journal={Computers in Human Behavior},
  volume={27},
  number={3},
  pages={1152--1161},
  year={2011},
  publisher={Elsevier}
}

@article{kwon2010empirical,
  title={An empirical study of the factors affecting social network service use},
  author={Kwon, Ohbyung and Wen, Yixing},
  journal={Computers in Human Behavior},
  volume={26},
  number={2},
  pages={254--263},
  year={2010},
  publisher={Elsevier}
}

@book{ellis2009internet,
  title={Internet marketing: strategy, implementation and practice},
  author={Ellis-Chadwick, Fiona and Mayer, Richard and Johnston, Kevin and Chaffey, Dave},
  year={2009},
  publisher={Pearson Education}
}


