@article{samuel59some,
  added-at = {2012-06-05T12:08:37.000+0200},
  author = {Samuel, Arthur},
  biburl = {http://www.bibsonomy.org/bibtex/20bab2b83282b35947db6723d9849792e/tasmith9876},
  citeulike-article-id = {2380549},
  interhash = {a02c1e54108fc9dafe0da379df83ed79},
  intrahash = {0bab2b83282b35947db6723d9849792e},
  journal = {IBM Journal},
  keywords = {CHECKERS LEARNING MACHINE STUDIES},
  number = 3,
  pages = {210--229},
  priority = {2},
  timestamp = {2012-06-05T12:08:37.000+0200},
  title = {Some Studies in Machine Learning Using the Game of Checkers},
  volume = 3,
  year = 1959
}
