
@Misc{locationAppsPopular,
    title="Location-Based Applications Popular, Despite Privacy Concerns: ISACA",
    howpublished = "\url{http://www.eweek.com/c/a/Mobile-and-Wireless/LocationBased-Applications-Popular-Despite-Privacy-Concerns-ISACA-181357/}"
}

@InProceedings{ ludford2006because,
	title = "{Because I carry my cell phone anyway: functional location-based reminder applications}",
	author = "P.J. Ludford and D. Frankowski and K. Reily and K. Wilms and L. Terveen",
	booktitle = "Proceedings of the SIGCHI conference on Human Factors in computing systems",
	pages = "898",
	year = "2006",
	organization = "ACM"
}

@Misc{sportypal,
    title="SportyPal",
    howpublished="\url{http://www.sportypal.com}"
}
@Misc{appleGoogle,
    title={Apple, Google Collect User Data},
    howpublished={\url{http://online.wsj.com/article/SB10001424052748703983704576277101723453610.html}}
}
@Misc{dead,
    title="Private Lives? Not Ours!",
    howpublished="\url{http://www.pcworld.com/article/16331/private_lives_not_ours.html}"
}
@inproceedings{barkhuus2003location,
  title={Location-based services for mobile telephony: a study of usersâ€™ privacy concerns},
  author={Barkhuus, L. and Dey, A.},
  booktitle={Proc. Interact},
  volume={2003},
  pages={709--712},
  year={2003},
  organization={Citeseer}
}
@article{bettini2005protecting,
  title={Protecting privacy against location-based personal identification},
  author={Bettini, C. and Wang, X. and Jajodia, S.},
  journal={Secure Data Management},
  pages={185--199},
  year={2005},
  publisher={Springer}
}
@article{beresford2003location,
  title={Location privacy in pervasive computing},
  author={Beresford, A.R. and Stajano, F.},
  journal={Pervasive Computing, IEEE},
  volume={2},
  number={1},
  pages={46--55},
  year={2003},
  publisher={IEEE}
}
@inproceedings{gruteser2003anonymous,
  title={Anonymous usage of location-based services through spatial and temporal cloaking},
  author={Gruteser, M. and Grunwald, D.},
  booktitle={Proceedings of the 1st international conference on Mobile systems, applications and services},
  pages={31--42},
  year={2003},
  organization={ACM}
}

@Misc{forbes,
    title="Location-Based Apps Aren't Evil, They're Lazy. Here's How to Fix Mobile Privacy",
    howpublished = "\url{http://www.forbes.com/sites/anthonykosner/2012/04/08/location-based-apps-arent-evil-theyre-lazy-heres-how-to-fix-mobile-privacy/}"
}
@Misc{latimes,
    title="Apple collecting, sharing iPhone users' precise locations",
    howpublished = "\url{http://latimesblogs.latimes.com/technology/2010/06/apple-location-privacy-iphone-ipad.html}",
}
@inproceedings{narayanan2008robust,
  title={Robust de-anonymization of large sparse datasets},
  author={Narayanan, A. and Shmatikov, V.},
  booktitle={Security and Privacy, 2008. SP 2008. IEEE Symposium on},
  pages={111--125},
  year={2008},
  organization={Ieee}
}
@Misc{applePrivacy,
    title="Apple Privacy Policy",
    howpublished = "\url{http://www.apple.com/privacy/}"
}
@Misc{googlePrivacy,
    title="Google Privacy Policy",
    howpublished = "\url{http://www.google.com/policies/privacy/}"
}
@Misc{questionary,
    title="Do you think apps should tell you when they collect and send information about the mobile device?",
    howpublished="\url{http://online.wsj.com/community/groups/privacy-law-280/topics/do-you-think-apps-should}"
}
@article{smailagic2002location,
  title={Location sensing and privacy in a context-aware computing environment},
  author={Smailagic, A. and Kogan, D.},
  journal={Wireless Communications, IEEE},
  volume={9},
  number={5},
  pages={10--17},
  year={2002},
  publisher={IEEE}
}
@article{ferris2010location,
  title={Location-aware tools for improving Public transit Usability},
  author={Ferris, B. and Watkins, K. and Borning, A.},
  journal={IEEE Pervasive Computing},
  volume={9},
  number={1},
  pages={13--19},
  year={2010},
  publisher={Institute of Electrical and Electronics Engineers, Inc., 10662 Los Vaqueros Circle Los Alamitos CA 90720-1314 United States of America}
}


